<record><leader>00000cas a22000007a 4500</leader><controlfield tag="001">11875006</controlfield><controlfield tag="008">850402d18761877wiudn ne      0    0eng d</controlfield><controlfield tag="009">3770</controlfield><datafield ind1=" " ind2=" " tag="010"><subfield code="a">sn 85040484 </subfield></datafield><datafield ind1=" " ind2=" " tag="040"><subfield code="a">NPV</subfield><subfield code="b">eng</subfield><subfield code="c">NPV</subfield><subfield code="d">DLC</subfield><subfield code="d">NPX</subfield><subfield code="d">NVF</subfield></datafield><datafield ind1="1" ind2=" " tag="029"><subfield code="a">AU@</subfield><subfield code="b">000025801604</subfield></datafield><datafield ind1=" " ind2=" " tag="042"><subfield code="a">msc</subfield></datafield><datafield ind1=" " ind2=" " tag="043"><subfield code="a">n-us-wi</subfield></datafield><datafield ind1=" " ind2=" " tag="045"><subfield code="a">w7w7</subfield></datafield><datafield ind1="0" ind2="0" tag="050"><subfield code="a">Newspaper</subfield></datafield><datafield ind1=" " ind2=" " tag="052"><subfield code="a">4123</subfield><subfield code="b">D3</subfield></datafield><datafield ind1="0" ind2="0" tag="245"><subfield code="a">Daily Madison patriot.</subfield></datafield><datafield ind1="1" ind2="3" tag="246"><subfield code="a">Daily patriot</subfield></datafield><datafield ind1="1" ind2="3" tag="246"><subfield code="a">Evening patriot</subfield></datafield><datafield ind1=" " ind2=" " tag="260"><subfield code="a">Madison, Wis. :</subfield><subfield code="b">S.D. Carpenter,</subfield><subfield code="c">1876-1877.</subfield></datafield><datafield ind1=" " ind2=" " tag="300"><subfield code="a">2 v. :</subfield><subfield code="b">ill. (chiefly advertisements) ;</subfield><subfield code="c">61 cm.</subfield></datafield><datafield ind1=" " ind2=" " tag="310"><subfield code="a">Daily (except Sunday)</subfield></datafield><datafield ind1="0" ind2=" " tag="362"><subfield code="a">Old ser. vol. 14, no. 1 (Apr. 19, 1876)-v. 15 (Mar. 8, 1877) = new ser. v. 1, no. 1-v. 2, no. 115.</subfield></datafield><datafield ind1=" " ind2=" " tag="530"><subfield code="a">Also available on microfilm from The State Historical Society of Wisconsin.</subfield></datafield><datafield ind1=" " ind2=" " tag="500"><subfield code="a">Editor: S.D. Carpenter, H.A. Tenney.</subfield></datafield><datafield ind1=" " ind2=" " tag="752"><subfield code="a">United States</subfield><subfield code="b">Wisconsin</subfield><subfield code="c">Dane</subfield><subfield code="d">Madison.</subfield></datafield><datafield ind1="0" ind2=" " tag="775"><subfield code="t">Weekly patriot (Madison, Wis.)</subfield><subfield code="w">(DLC)sn 85040486</subfield></datafield><datafield ind1="0" ind2="0" tag="785"><subfield code="t">Wisconsin patriot (Madison, Wis. : 1877)</subfield><subfield code="w">(DLC)sn 85040485</subfield></datafield></record>